/home/carles/mendeley_bib/TFM-software.bib