/home/carles/mendeley_bib/TFM.bib